@article{prilipenko:2005,
  title={Математические модели представления компьютерной графикой},
  author={М. А. Прилипенко},
  year={2005},
  publisher={Омский Государственный Технический Университет}
}


@article{roberts:1964,
  title={Алгоритм Робертса удаления невидимых линий и граней},
  author={Г. А. Робертс},
  year={1964},
  publisher={МИТ}
}


@article{zbuffer:1974,
  title={A subdivision algorithm for computer display of curved surfaces},
  author={E. E. Catmull},
  year={1974},
}


@article{guro:1971,
  title={Computer display of curved surfaces},
  author={H. Gouraud},
  year={1971},
}

@article{phong:1998,
  title={Illumination for computer generated pictures},
  author={F. T. Phong},
  year={1998},
}


@article{cpp,
  title={Стандарт языка C++, Дата обращения: 24.09.2024},
  year={2024},
  url={https://isocpp.org/std/the-standard}
}


@article{sdl,
  title={Документация библиотеки SDL, Дата обращения: 25.09.2024},
  year={2024},
  url={https://wiki.libsdl.org/SDL3/FrontPage}
}

@article{glm,
  title={Документация к OpenGL Mathematics (GLM), Дата обращения: 25.09.2024},
  year={2024},
  url={http://glm.g-truc.net/glm.pdf}
}

@article{imgui,
  title={Мануал библиотеки ImGui, Дата обращения: 25.09.2024},
  year={2024},
  url={https://pthom.github.io/imgui_manual_online/manual/imgui_manual.html}
}
